{
  "market": "POWER-28-RH-RS-RP",
  "exchange": "KALSHI",
  "fetchedAt": "2025-12-02T07:28:37.015Z",
  "period": {
    "start": "2025-11-02T06:28:36.807Z",
    "end": "2025-12-02T07:28:36.807Z"
  },
  "statistics": {
    "totalVolume": 4509,
    "avgTradeSize": 92.0204081632653,
    "minPrice": 0.21,
    "maxPrice": 0.29,
    "avgPrice": 0.24693877551020404,
    "uniqueDays": 16
  },
  "trades": [
    {
      "count": 1,
      "created_time": "2025-12-01T05:25:56.471849Z",
      "no_price": 75,
      "no_price_dollars": "0.7500",
      "price": 0.25,
      "taker_side": "yes",
      "ticker": "POWER-28-RH-RS-RP",
      "trade_id": "9defee90-d160-7997-096a-e84033515f72",
      "yes_price": 25,
      "yes_price_dollars": "0.2500"
    },
    {
      "count": 3,
      "created_time": "2025-11-29T01:20:30.240292Z",
      "no_price": 76,
      "no_price_dollars": "0.7600",
      "price": 0.24,
      "taker_side": "yes",
      "ticker": "POWER-28-RH-RS-RP",
      "trade_id": "01076bf6-090f-52d6-0bed-4a2ff77734bf",
      "yes_price": 24,
      "yes_price_dollars": "0.2400"
    },
    {
      "count": 10,
      "created_time": "2025-11-28T18:07:16.568081Z",
      "no_price": 76,
      "no_price_dollars": "0.7600",
      "price": 0.24,
      "taker_side": "yes",
      "ticker": "POWER-28-RH-RS-RP",
      "trade_id": "145b9353-1b83-643a-f4ca-4d0393821257",
      "yes_price": 24,
      "yes_price_dollars": "0.2400"
    },
    {
      "count": 66,
      "created_time": "2025-11-23T03:00:36.288323Z",
      "no_price": 78,
      "no_price_dollars": "0.7800",
      "price": 0.22,
      "taker_side": "no",
      "ticker": "POWER-28-RH-RS-RP",
      "trade_id": "712f1dd4-b4be-4ae1-ea03-216f21e1b8ff",
      "yes_price": 22,
      "yes_price_dollars": "0.2200"
    },
    {
      "count": 48,
      "created_time": "2025-11-23T03:00:36.288323Z",
      "no_price": 78,
      "no_price_dollars": "0.7800",
      "price": 0.22,
      "taker_side": "no",
      "ticker": "POWER-28-RH-RS-RP",
      "trade_id": "6d6271a7-f488-4f0b-c845-0085d4c39de1",
      "yes_price": 22,
      "yes_price_dollars": "0.2200"
    },
    {
      "count": 12,
      "created_time": "2025-11-23T03:00:36.288323Z",
      "no_price": 78,
      "no_price_dollars": "0.7800",
      "price": 0.22,
      "taker_side": "no",
      "ticker": "POWER-28-RH-RS-RP",
      "trade_id": "24b15d46-a6df-43f5-e8a6-849edd110381",
      "yes_price": 22,
      "yes_price_dollars": "0.2200"
    },
    {
      "count": 3,
      "created_time": "2025-11-22T04:26:47.642113Z",
      "no_price": 78,
      "no_price_dollars": "0.7800",
      "price": 0.22,
      "taker_side": "no",
      "ticker": "POWER-28-RH-RS-RP",
      "trade_id": "4dc184b9-dfdf-6e09-7772-9ff07db53895",
      "yes_price": 22,
      "yes_price_dollars": "0.2200"
    },
    {
      "count": 2,
      "created_time": "2025-11-18T21:28:53.337986Z",
      "no_price": 78,
      "no_price_dollars": "0.7800",
      "price": 0.22,
      "taker_side": "no",
      "ticker": "POWER-28-RH-RS-RP",
      "trade_id": "53f953bc-9a0b-68ad-bb72-1ff14bf3e9c9",
      "yes_price": 22,
      "yes_price_dollars": "0.2200"
    },
    {
      "count": 15,
      "created_time": "2025-11-16T23:27:09.794359Z",
      "no_price": 78,
      "no_price_dollars": "0.7800",
      "price": 0.22,
      "taker_side": "no",
      "ticker": "POWER-28-RH-RS-RP",
      "trade_id": "ff30f85e-d207-62ed-de9b-4a30b8dd49d9",
      "yes_price": 22,
      "yes_price_dollars": "0.2200"
    },
    {
      "count": 64,
      "created_time": "2025-11-16T16:25:02.251614Z",
      "no_price": 75,
      "no_price_dollars": "0.7500",
      "price": 0.25,
      "taker_side": "yes",
      "ticker": "POWER-28-RH-RS-RP",
      "trade_id": "d298f0fb-8a3c-46f7-dadf-99f713da9d62",
      "yes_price": 25,
      "yes_price_dollars": "0.2500"
    },
    {
      "count": 100,
      "created_time": "2025-11-16T16:25:02.251614Z",
      "no_price": 76,
      "no_price_dollars": "0.7600",
      "price": 0.24,
      "taker_side": "yes",
      "ticker": "POWER-28-RH-RS-RP",
      "trade_id": "b077c349-392c-4bd9-e561-8bfa4d05a8a6",
      "yes_price": 24,
      "yes_price_dollars": "0.2400"
    },
    {
      "count": 32,
      "created_time": "2025-11-16T16:25:02.251614Z",
      "no_price": 77,
      "no_price_dollars": "0.7700",
      "price": 0.23,
      "taker_side": "yes",
      "ticker": "POWER-28-RH-RS-RP",
      "trade_id": "3d38c136-9ae4-4b81-e976-850842469542",
      "yes_price": 23,
      "yes_price_dollars": "0.2300"
    },
    {
      "count": 166,
      "created_time": "2025-11-13T17:12:00.049653Z",
      "no_price": 78,
      "no_price_dollars": "0.7800",
      "price": 0.22,
      "taker_side": "no",
      "ticker": "POWER-28-RH-RS-RP",
      "trade_id": "e5b62d34-b31f-7311-928b-c079852b2cf5",
      "yes_price": 22,
      "yes_price_dollars": "0.2200"
    },
    {
      "count": 32,
      "created_time": "2025-11-13T17:11:46.327307Z",
      "no_price": 77,
      "no_price_dollars": "0.7700",
      "price": 0.23,
      "taker_side": "no",
      "ticker": "POWER-28-RH-RS-RP",
      "trade_id": "c803876d-6a4d-7ec6-8930-94abf3612d58",
      "yes_price": 23,
      "yes_price_dollars": "0.2300"
    },
    {
      "count": 2,
      "created_time": "2025-11-13T17:11:46.327307Z",
      "no_price": 77,
      "no_price_dollars": "0.7700",
      "price": 0.23,
      "taker_side": "no",
      "ticker": "POWER-28-RH-RS-RP",
      "trade_id": "3cba330b-f55a-711e-a337-d5dd14b6935a",
      "yes_price": 23,
      "yes_price_dollars": "0.2300"
    },
    {
      "count": 5,
      "created_time": "2025-11-13T13:41:15.046626Z",
      "no_price": 77,
      "no_price_dollars": "0.7700",
      "price": 0.23,
      "taker_side": "no",
      "ticker": "POWER-28-RH-RS-RP",
      "trade_id": "9b0cee06-7139-5e4f-b08b-2d7abab41ec8",
      "yes_price": 23,
      "yes_price_dollars": "0.2300"
    },
    {
      "count": 3,
      "created_time": "2025-11-13T13:41:15.046626Z",
      "no_price": 77,
      "no_price_dollars": "0.7700",
      "price": 0.23,
      "taker_side": "no",
      "ticker": "POWER-28-RH-RS-RP",
      "trade_id": "8a3b67c5-9a16-54a6-9518-a9ece572c02a",
      "yes_price": 23,
      "yes_price_dollars": "0.2300"
    },
    {
      "count": 24,
      "created_time": "2025-11-13T13:41:15.046626Z",
      "no_price": 76,
      "no_price_dollars": "0.7600",
      "price": 0.24,
      "taker_side": "no",
      "ticker": "POWER-28-RH-RS-RP",
      "trade_id": "6a1bbb4c-6d89-536a-95ce-432b67d85738",
      "yes_price": 24,
      "yes_price_dollars": "0.2400"
    },
    {
      "count": 6,
      "created_time": "2025-11-12T15:20:12.645621Z",
      "no_price": 76,
      "no_price_dollars": "0.7600",
      "price": 0.24,
      "taker_side": "no",
      "ticker": "POWER-28-RH-RS-RP",
      "trade_id": "c49b0a98-a86d-6792-e652-20ea6ed8b800",
      "yes_price": 24,
      "yes_price_dollars": "0.2400"
    },
    {
      "count": 10,
      "created_time": "2025-11-12T11:36:27.889688Z",
      "no_price": 76,
      "no_price_dollars": "0.7600",
      "price": 0.24,
      "taker_side": "no",
      "ticker": "POWER-28-RH-RS-RP",
      "trade_id": "60229b27-7015-7ca2-6d0e-3517e1c4b700",
      "yes_price": 24,
      "yes_price_dollars": "0.2400"
    },
    {
      "count": 9,
      "created_time": "2025-11-10T04:02:22.694504Z",
      "no_price": 75,
      "no_price_dollars": "0.7500",
      "price": 0.25,
      "taker_side": "no",
      "ticker": "POWER-28-RH-RS-RP",
      "trade_id": "d31d6e5d-e1f1-4a6d-cfbe-098686e960a5",
      "yes_price": 25,
      "yes_price_dollars": "0.2500"
    },
    {
      "count": 4,
      "created_time": "2025-11-10T04:02:22.694504Z",
      "no_price": 76,
      "no_price_dollars": "0.7600",
      "price": 0.24,
      "taker_side": "no",
      "ticker": "POWER-28-RH-RS-RP",
      "trade_id": "7882efbe-e6dd-4e8e-f4be-ec211e690ae8",
      "yes_price": 24,
      "yes_price_dollars": "0.2400"
    },
    {
      "count": 3,
      "created_time": "2025-11-09T22:06:26.199843Z",
      "no_price": 75,
      "no_price_dollars": "0.7500",
      "price": 0.25,
      "taker_side": "no",
      "ticker": "POWER-28-RH-RS-RP",
      "trade_id": "a78ea99b-b399-51bd-8bb6-ab986dfaab65",
      "yes_price": 25,
      "yes_price_dollars": "0.2500"
    },
    {
      "count": 3,
      "created_time": "2025-11-08T21:59:06.362855Z",
      "no_price": 75,
      "no_price_dollars": "0.7500",
      "price": 0.25,
      "taker_side": "no",
      "ticker": "POWER-28-RH-RS-RP",
      "trade_id": "b43905b0-c969-4009-112d-609a2129954d",
      "yes_price": 25,
      "yes_price_dollars": "0.2500"
    },
    {
      "count": 3,
      "created_time": "2025-11-08T04:14:42.994185Z",
      "no_price": 73,
      "no_price_dollars": "0.7300",
      "price": 0.27,
      "taker_side": "yes",
      "ticker": "POWER-28-RH-RS-RP",
      "trade_id": "da953c4c-507d-5bf3-6918-c14caffd688f",
      "yes_price": 27,
      "yes_price_dollars": "0.2700"
    },
    {
      "count": 1,
      "created_time": "2025-11-07T04:49:37.009798Z",
      "no_price": 76,
      "no_price_dollars": "0.7600",
      "price": 0.24,
      "taker_side": "no",
      "ticker": "POWER-28-RH-RS-RP",
      "trade_id": "cc219acc-4fad-55fe-85ec-9fb1a5a6def4",
      "yes_price": 24,
      "yes_price_dollars": "0.2400"
    },
    {
      "count": 5,
      "created_time": "2025-11-06T07:35:47.207142Z",
      "no_price": 72,
      "no_price_dollars": "0.7200",
      "price": 0.28,
      "taker_side": "yes",
      "ticker": "POWER-28-RH-RS-RP",
      "trade_id": "94bbb7c3-65ca-7e5a-dc2d-0f43c7247157",
      "yes_price": 28,
      "yes_price_dollars": "0.2800"
    },
    {
      "count": 12,
      "created_time": "2025-11-06T07:35:47.207142Z",
      "no_price": 73,
      "no_price_dollars": "0.7300",
      "price": 0.27,
      "taker_side": "yes",
      "ticker": "POWER-28-RH-RS-RP",
      "trade_id": "4018706e-18b5-70ae-ea33-c7821e25a2ee",
      "yes_price": 27,
      "yes_price_dollars": "0.2700"
    },
    {
      "count": 1,
      "created_time": "2025-11-06T04:44:51.329233Z",
      "no_price": 76,
      "no_price_dollars": "0.7600",
      "price": 0.24,
      "taker_side": "no",
      "ticker": "POWER-28-RH-RS-RP",
      "trade_id": "5b9606f6-85c1-5512-edd3-38ff300af114",
      "yes_price": 24,
      "yes_price_dollars": "0.2400"
    },
    {
      "count": 88,
      "created_time": "2025-11-05T23:33:43.959982Z",
      "no_price": 73,
      "no_price_dollars": "0.7300",
      "price": 0.27,
      "taker_side": "yes",
      "ticker": "POWER-28-RH-RS-RP",
      "trade_id": "ed5d3633-d20d-67a6-4f06-0d07ebf6c9ea",
      "yes_price": 27,
      "yes_price_dollars": "0.2700"
    },
    {
      "count": 32,
      "created_time": "2025-11-05T23:33:43.959982Z",
      "no_price": 74,
      "no_price_dollars": "0.7400",
      "price": 0.26,
      "taker_side": "yes",
      "ticker": "POWER-28-RH-RS-RP",
      "trade_id": "3ce56770-7f47-6d69-7a71-667eecfe2b99",
      "yes_price": 26,
      "yes_price_dollars": "0.2600"
    },
    {
      "count": 2,
      "created_time": "2025-11-05T22:30:28.764156Z",
      "no_price": 76,
      "no_price_dollars": "0.7600",
      "price": 0.24,
      "taker_side": "no",
      "ticker": "POWER-28-RH-RS-RP",
      "trade_id": "8a4572cd-0fcd-412a-d78b-377a2a415074",
      "yes_price": 24,
      "yes_price_dollars": "0.2400"
    },
    {
      "count": 2,
      "created_time": "2025-11-05T22:23:15.631982Z",
      "no_price": 76,
      "no_price_dollars": "0.7600",
      "price": 0.24,
      "taker_side": "no",
      "ticker": "POWER-28-RH-RS-RP",
      "trade_id": "496e2ece-e469-605a-9bf8-f1cc3d2c4534",
      "yes_price": 24,
      "yes_price_dollars": "0.2400"
    },
    {
      "count": 2,
      "created_time": "2025-11-05T20:51:04.736394Z",
      "no_price": 78,
      "no_price_dollars": "0.7800",
      "price": 0.22,
      "taker_side": "no",
      "ticker": "POWER-28-RH-RS-RP",
      "trade_id": "0ba08fe9-0673-68f5-7d20-f0c3f74479c1",
      "yes_price": 22,
      "yes_price_dollars": "0.2200"
    },
    {
      "count": 2,
      "created_time": "2025-11-05T03:03:02.670488Z",
      "no_price": 78,
      "no_price_dollars": "0.7800",
      "price": 0.22,
      "taker_side": "no",
      "ticker": "POWER-28-RH-RS-RP",
      "trade_id": "784f9c5a-202e-7bfd-8bf5-138ebf4c592e",
      "yes_price": 22,
      "yes_price_dollars": "0.2200"
    },
    {
      "count": 50,
      "created_time": "2025-11-05T02:37:04.581904Z",
      "no_price": 76,
      "no_price_dollars": "0.7600",
      "price": 0.24,
      "taker_side": "no",
      "ticker": "POWER-28-RH-RS-RP",
      "trade_id": "e3f61838-1a8c-7de5-5bfb-f6c169000bdd",
      "yes_price": 24,
      "yes_price_dollars": "0.2400"
    },
    {
      "count": 1992,
      "created_time": "2025-11-05T02:37:04.581904Z",
      "no_price": 79,
      "no_price_dollars": "0.7900",
      "price": 0.21,
      "taker_side": "no",
      "ticker": "POWER-28-RH-RS-RP",
      "trade_id": "a2e180c5-ea61-71a2-7155-2dc7353b1978",
      "yes_price": 21,
      "yes_price_dollars": "0.2100"
    },
    {
      "count": 300,
      "created_time": "2025-11-05T02:37:04.581904Z",
      "no_price": 75,
      "no_price_dollars": "0.7500",
      "price": 0.25,
      "taker_side": "no",
      "ticker": "POWER-28-RH-RS-RP",
      "trade_id": "80ceaabb-7f50-75cb-6a03-b617c015cbe4",
      "yes_price": 25,
      "yes_price_dollars": "0.2500"
    },
    {
      "count": 32,
      "created_time": "2025-11-05T02:37:04.581904Z",
      "no_price": 74,
      "no_price_dollars": "0.7400",
      "price": 0.26,
      "taker_side": "no",
      "ticker": "POWER-28-RH-RS-RP",
      "trade_id": "674f708c-b1d3-7b0b-7727-c434acdadb5b",
      "yes_price": 26,
      "yes_price_dollars": "0.2600"
    },
    {
      "count": 190,
      "created_time": "2025-11-05T02:37:04.581904Z",
      "no_price": 75,
      "no_price_dollars": "0.7500",
      "price": 0.25,
      "taker_side": "no",
      "ticker": "POWER-28-RH-RS-RP",
      "trade_id": "5d6aa62a-0d0d-747f-73f5-4da4cd001590",
      "yes_price": 25,
      "yes_price_dollars": "0.2500"
    },
    {
      "count": 633,
      "created_time": "2025-11-05T02:37:04.581904Z",
      "no_price": 79,
      "no_price_dollars": "0.7900",
      "price": 0.21,
      "taker_side": "no",
      "ticker": "POWER-28-RH-RS-RP",
      "trade_id": "53871589-b42d-7f07-4b9e-6c1f025f8a1c",
      "yes_price": 21,
      "yes_price_dollars": "0.2100"
    },
    {
      "count": 2,
      "created_time": "2025-11-04T14:30:59.434934Z",
      "no_price": 71,
      "no_price_dollars": "0.7100",
      "price": 0.29,
      "taker_side": "yes",
      "ticker": "POWER-28-RH-RS-RP",
      "trade_id": "d1407574-acc2-435a-0687-6c7fafb1270f",
      "yes_price": 29,
      "yes_price_dollars": "0.2900"
    },
    {
      "count": 47,
      "created_time": "2025-11-04T14:30:59.434934Z",
      "no_price": 71,
      "no_price_dollars": "0.7100",
      "price": 0.29,
      "taker_side": "yes",
      "ticker": "POWER-28-RH-RS-RP",
      "trade_id": "55c504af-45b5-429a-3640-11c9c28326e3",
      "yes_price": 29,
      "yes_price_dollars": "0.2900"
    },
    {
      "count": 65,
      "created_time": "2025-11-04T06:36:42.867193Z",
      "no_price": 71,
      "no_price_dollars": "0.7100",
      "price": 0.29,
      "taker_side": "yes",
      "ticker": "POWER-28-RH-RS-RP",
      "trade_id": "06986e87-5e7a-6856-1041-061874c1aa7f",
      "yes_price": 29,
      "yes_price_dollars": "0.2900"
    },
    {
      "count": 82,
      "created_time": "2025-11-03T20:04:33.947214Z",
      "no_price": 71,
      "no_price_dollars": "0.7100",
      "price": 0.29,
      "taker_side": "yes",
      "ticker": "POWER-28-RH-RS-RP",
      "trade_id": "6be6c513-10ae-71b6-cd6f-a98c6412fcb7",
      "yes_price": 29,
      "yes_price_dollars": "0.2900"
    },
    {
      "count": 1,
      "created_time": "2025-11-03T03:54:04.50142Z",
      "no_price": 71,
      "no_price_dollars": "0.7100",
      "price": 0.29,
      "taker_side": "yes",
      "ticker": "POWER-28-RH-RS-RP",
      "trade_id": "9a9e8a0a-6cb6-7f06-942e-73fbc9cf1257",
      "yes_price": 29,
      "yes_price_dollars": "0.2900"
    },
    {
      "count": 42,
      "created_time": "2025-11-03T03:54:04.50142Z",
      "no_price": 71,
      "no_price_dollars": "0.7100",
      "price": 0.29,
      "taker_side": "yes",
      "ticker": "POWER-28-RH-RS-RP",
      "trade_id": "6f65fe91-3d37-7968-aeb6-f565e7bb7c0b",
      "yes_price": 29,
      "yes_price_dollars": "0.2900"
    },
    {
      "count": 100,
      "created_time": "2025-11-03T03:54:04.50142Z",
      "no_price": 71,
      "no_price_dollars": "0.7100",
      "price": 0.29,
      "taker_side": "yes",
      "ticker": "POWER-28-RH-RS-RP",
      "trade_id": "46377f40-adf7-736e-80f3-3c6cb79fe52c",
      "yes_price": 29,
      "yes_price_dollars": "0.2900"
    },
    {
      "count": 200,
      "created_time": "2025-11-03T03:54:04.50142Z",
      "no_price": 72,
      "no_price_dollars": "0.7200",
      "price": 0.28,
      "taker_side": "yes",
      "ticker": "POWER-28-RH-RS-RP",
      "trade_id": "13fa2f38-73f6-7c4b-9dbb-07ea1f662e03",
      "yes_price": 28,
      "yes_price_dollars": "0.2800"
    }
  ]
}