{
  "market": "KXNEWPOPE-70-PPIZ",
  "exchange": "KALSHI",
  "fetchedAt": "2025-12-02T05:12:52.590Z",
  "period": {
    "start": "2025-11-25T05:12:52.398Z",
    "end": "2025-12-02T05:12:52.398Z"
  },
  "statistics": {
    "totalVolume": 677,
    "avgTradeSize": 28.208333333333332,
    "minPrice": 0.01,
    "maxPrice": 0.04,
    "avgPrice": 0.018750000000000006,
    "uniqueDays": 4
  },
  "trades": [
    {
      "count": 117,
      "created_time": "2025-12-01T22:09:51.91698Z",
      "no_price": 96,
      "no_price_dollars": "0.9600",
      "price": 0.04,
      "taker_side": "yes",
      "ticker": "KXNEWPOPE-70-PPIZ",
      "trade_id": "53f80846-3f91-67c4-2835-32e575cfab6c",
      "yes_price": 4,
      "yes_price_dollars": "0.0400"
    },
    {
      "count": 10,
      "created_time": "2025-12-01T21:57:35.76747Z",
      "no_price": 99,
      "no_price_dollars": "0.9900",
      "price": 0.01,
      "taker_side": "no",
      "ticker": "KXNEWPOPE-70-PPIZ",
      "trade_id": "ee51de1d-3562-7f69-e7ce-c2cd5ebd5d46",
      "yes_price": 1,
      "yes_price_dollars": "0.0100"
    },
    {
      "count": 10,
      "created_time": "2025-12-01T21:57:35.76747Z",
      "no_price": 99,
      "no_price_dollars": "0.9900",
      "price": 0.01,
      "taker_side": "no",
      "ticker": "KXNEWPOPE-70-PPIZ",
      "trade_id": "d583d995-32f0-7ed4-df38-1bdf339dfa87",
      "yes_price": 1,
      "yes_price_dollars": "0.0100"
    },
    {
      "count": 10,
      "created_time": "2025-12-01T21:57:35.76747Z",
      "no_price": 99,
      "no_price_dollars": "0.9900",
      "price": 0.01,
      "taker_side": "no",
      "ticker": "KXNEWPOPE-70-PPIZ",
      "trade_id": "c46de5af-9924-7671-ca4c-9d47feac0a71",
      "yes_price": 1,
      "yes_price_dollars": "0.0100"
    },
    {
      "count": 10,
      "created_time": "2025-12-01T21:57:35.76747Z",
      "no_price": 99,
      "no_price_dollars": "0.9900",
      "price": 0.01,
      "taker_side": "no",
      "ticker": "KXNEWPOPE-70-PPIZ",
      "trade_id": "7f59aac0-0a71-7a50-ea85-f6a4a6409f3e",
      "yes_price": 1,
      "yes_price_dollars": "0.0100"
    },
    {
      "count": 3,
      "created_time": "2025-12-01T21:57:35.76747Z",
      "no_price": 99,
      "no_price_dollars": "0.9900",
      "price": 0.01,
      "taker_side": "no",
      "ticker": "KXNEWPOPE-70-PPIZ",
      "trade_id": "3d81ee7d-4198-7649-f2ea-a5a8117d49e6",
      "yes_price": 1,
      "yes_price_dollars": "0.0100"
    },
    {
      "count": 10,
      "created_time": "2025-12-01T21:57:35.76747Z",
      "no_price": 99,
      "no_price_dollars": "0.9900",
      "price": 0.01,
      "taker_side": "no",
      "ticker": "KXNEWPOPE-70-PPIZ",
      "trade_id": "2bb94407-f3a6-7454-eabe-eb4e1b322e84",
      "yes_price": 1,
      "yes_price_dollars": "0.0100"
    },
    {
      "count": 54,
      "created_time": "2025-12-01T21:57:35.76747Z",
      "no_price": 99,
      "no_price_dollars": "0.9900",
      "price": 0.01,
      "taker_side": "no",
      "ticker": "KXNEWPOPE-70-PPIZ",
      "trade_id": "17e0cbd3-268c-7e68-ea4b-a60b44e0a7b8",
      "yes_price": 1,
      "yes_price_dollars": "0.0100"
    },
    {
      "count": 10,
      "created_time": "2025-12-01T21:57:35.76747Z",
      "no_price": 99,
      "no_price_dollars": "0.9900",
      "price": 0.01,
      "taker_side": "no",
      "ticker": "KXNEWPOPE-70-PPIZ",
      "trade_id": "0d186c8b-f590-79b4-e139-b8955b848acb",
      "yes_price": 1,
      "yes_price_dollars": "0.0100"
    },
    {
      "count": 1,
      "created_time": "2025-11-30T13:38:09.58134Z",
      "no_price": 96,
      "no_price_dollars": "0.9600",
      "price": 0.04,
      "taker_side": "yes",
      "ticker": "KXNEWPOPE-70-PPIZ",
      "trade_id": "19523325-aa21-7ab5-67f7-8c759e213861",
      "yes_price": 4,
      "yes_price_dollars": "0.0400"
    },
    {
      "count": 1,
      "created_time": "2025-11-30T12:13:11.18485Z",
      "no_price": 97,
      "no_price_dollars": "0.9700",
      "price": 0.03,
      "taker_side": "yes",
      "ticker": "KXNEWPOPE-70-PPIZ",
      "trade_id": "fdbfc65d-b59c-477e-580f-2fff4984123e",
      "yes_price": 3,
      "yes_price_dollars": "0.0300"
    },
    {
      "count": 66,
      "created_time": "2025-11-30T12:13:11.18485Z",
      "no_price": 96,
      "no_price_dollars": "0.9600",
      "price": 0.04,
      "taker_side": "yes",
      "ticker": "KXNEWPOPE-70-PPIZ",
      "trade_id": "6c9eb7ea-f1e1-4334-50ee-0cc4104c792a",
      "yes_price": 4,
      "yes_price_dollars": "0.0400"
    },
    {
      "count": 30,
      "created_time": "2025-11-30T12:13:11.18485Z",
      "no_price": 97,
      "no_price_dollars": "0.9700",
      "price": 0.03,
      "taker_side": "yes",
      "ticker": "KXNEWPOPE-70-PPIZ",
      "trade_id": "4d77d601-2861-4d09-41d4-d3286770bdb8",
      "yes_price": 3,
      "yes_price_dollars": "0.0300"
    },
    {
      "count": 192,
      "created_time": "2025-11-30T12:13:11.18485Z",
      "no_price": 97,
      "no_price_dollars": "0.9700",
      "price": 0.03,
      "taker_side": "yes",
      "ticker": "KXNEWPOPE-70-PPIZ",
      "trade_id": "3854e1b2-cad4-4c95-7b77-10c528ee3883",
      "yes_price": 3,
      "yes_price_dollars": "0.0300"
    },
    {
      "count": 10,
      "created_time": "2025-11-30T04:49:32.214799Z",
      "no_price": 97,
      "no_price_dollars": "0.9700",
      "price": 0.03,
      "taker_side": "yes",
      "ticker": "KXNEWPOPE-70-PPIZ",
      "trade_id": "98259e63-83dc-7b11-b431-4358df1b645b",
      "yes_price": 3,
      "yes_price_dollars": "0.0300"
    },
    {
      "count": 7,
      "created_time": "2025-11-30T04:43:44.285799Z",
      "no_price": 99,
      "no_price_dollars": "0.9900",
      "price": 0.01,
      "taker_side": "no",
      "ticker": "KXNEWPOPE-70-PPIZ",
      "trade_id": "fe666408-0e48-5151-2758-0d72664c7baa",
      "yes_price": 1,
      "yes_price_dollars": "0.0100"
    },
    {
      "count": 3,
      "created_time": "2025-11-30T04:43:44.285799Z",
      "no_price": 99,
      "no_price_dollars": "0.9900",
      "price": 0.01,
      "taker_side": "no",
      "ticker": "KXNEWPOPE-70-PPIZ",
      "trade_id": "cf5974bc-70b2-596c-296f-1074f9644edf",
      "yes_price": 1,
      "yes_price_dollars": "0.0100"
    },
    {
      "count": 10,
      "created_time": "2025-11-30T04:40:24.146235Z",
      "no_price": 99,
      "no_price_dollars": "0.9900",
      "price": 0.01,
      "taker_side": "no",
      "ticker": "KXNEWPOPE-70-PPIZ",
      "trade_id": "f2116a26-5f04-5675-6bde-2007b71eb8ac",
      "yes_price": 1,
      "yes_price_dollars": "0.0100"
    },
    {
      "count": 29,
      "created_time": "2025-11-30T04:40:24.146235Z",
      "no_price": 99,
      "no_price_dollars": "0.9900",
      "price": 0.01,
      "taker_side": "no",
      "ticker": "KXNEWPOPE-70-PPIZ",
      "trade_id": "c5ddd084-0d2f-5d7e-680f-939f88555d0a",
      "yes_price": 1,
      "yes_price_dollars": "0.0100"
    },
    {
      "count": 7,
      "created_time": "2025-11-30T04:40:24.146235Z",
      "no_price": 99,
      "no_price_dollars": "0.9900",
      "price": 0.01,
      "taker_side": "no",
      "ticker": "KXNEWPOPE-70-PPIZ",
      "trade_id": "9649dea7-28f2-5e68-6d88-ee6512ccff37",
      "yes_price": 1,
      "yes_price_dollars": "0.0100"
    },
    {
      "count": 10,
      "created_time": "2025-11-30T04:40:24.146235Z",
      "no_price": 99,
      "no_price_dollars": "0.9900",
      "price": 0.01,
      "taker_side": "no",
      "ticker": "KXNEWPOPE-70-PPIZ",
      "trade_id": "89d3dd51-0cfb-5130-45a5-bc1cd72ef2df",
      "yes_price": 1,
      "yes_price_dollars": "0.0100"
    },
    {
      "count": 10,
      "created_time": "2025-11-30T04:40:24.146235Z",
      "no_price": 99,
      "no_price_dollars": "0.9900",
      "price": 0.01,
      "taker_side": "no",
      "ticker": "KXNEWPOPE-70-PPIZ",
      "trade_id": "21dde282-7e15-56e4-4caf-53142c57c79b",
      "yes_price": 1,
      "yes_price_dollars": "0.0100"
    },
    {
      "count": 66,
      "created_time": "2025-11-29T08:00:24.804294Z",
      "no_price": 97,
      "no_price_dollars": "0.9700",
      "price": 0.03,
      "taker_side": "yes",
      "ticker": "KXNEWPOPE-70-PPIZ",
      "trade_id": "a4fc5269-11a0-5925-710b-af7784f510eb",
      "yes_price": 3,
      "yes_price_dollars": "0.0300"
    },
    {
      "count": 1,
      "created_time": "2025-11-26T18:41:39.575577Z",
      "no_price": 97,
      "no_price_dollars": "0.9700",
      "price": 0.03,
      "taker_side": "yes",
      "ticker": "KXNEWPOPE-70-PPIZ",
      "trade_id": "ed28260b-18b4-7689-d6f7-ad401d9bcad7",
      "yes_price": 3,
      "yes_price_dollars": "0.0300"
    }
  ]
}